<record><leader>00000cas a2200000 a 4500</leader><controlfield tag="001">13364526</controlfield><controlfield tag="008">860331d19091920inudn ne      0    0eng c</controlfield><datafield ind1=" " ind2=" " tag="010"><subfield code="a">sn 86058433 </subfield></datafield><datafield ind1=" " ind2=" " tag="040"><subfield code="a">NPI</subfield><subfield code="b">eng</subfield><subfield code="c">NPI</subfield><subfield code="d">OCLCQ</subfield><subfield code="d">IUL</subfield><subfield code="d">OCLCF</subfield></datafield><datafield ind1=" " ind2=" " tag="042"><subfield code="a">pcc</subfield></datafield><datafield ind1=" " ind2=" " tag="043"><subfield code="a">n-us-in</subfield></datafield><datafield ind1="0" ind2="0" tag="245"><subfield code="a">Brazil daily news.</subfield></datafield><datafield ind1=" " ind2=" " tag="260"><subfield code="a">Brazil, Ind. :</subfield><subfield code="b">Brazil News-Democrat</subfield></datafield><datafield ind1=" " ind2=" " tag="300"><subfield code="a">v. :</subfield><subfield code="b">ill.</subfield></datafield><datafield ind1=" " ind2=" " tag="310"><subfield code="a">Daily (except Sun.)</subfield></datafield><datafield ind1="1" ind2=" " tag="362"><subfield code="a">Began on Jan. 1, 1909; ceased in Jan. 1920.</subfield><subfield code="z">Cf. Miller, John W. Indiana newspaper bibliog.</subfield></datafield><datafield ind1=" " ind2=" " tag="580"><subfield code="a">Published also in a weekly edition called: Brazil weekly Democrat.</subfield></datafield><datafield ind1=" " ind2=" " tag="588"><subfield code="a">Description based on: Vol. 27, no. 132 (Apr. 8, 1916).</subfield></datafield><datafield ind1=" " ind2="0" tag="651"><subfield code="a">Brazil (Ind.)</subfield><subfield code="v">Newspapers.</subfield></datafield><datafield ind1=" " ind2="0" tag="651"><subfield code="a">Clay County (Ind.)</subfield><subfield code="v">Newspapers.</subfield></datafield><datafield ind1=" " ind2="7" tag="651"><subfield code="a">Indiana</subfield><subfield code="z">Brazil.</subfield><subfield code="2">fast</subfield><subfield code="0">(OCoLC)fst01255154</subfield></datafield><datafield ind1=" " ind2="7" tag="651"><subfield code="a">Indiana</subfield><subfield code="z">Clay County.</subfield><subfield code="2">fast</subfield><subfield code="0">(OCoLC)fst01214662</subfield></datafield><datafield ind1=" " ind2="7" tag="655"><subfield code="a">Newspapers.</subfield><subfield code="2">fast</subfield><subfield code="0">(OCoLC)fst01423814</subfield></datafield><datafield ind1=" " ind2=" " tag="752"><subfield code="a">United States</subfield><subfield code="b">Indiana</subfield><subfield code="c">Clay</subfield><subfield code="d">Brazil.</subfield></datafield><datafield ind1="1" ind2=" " tag="775"><subfield code="t">Brazil weekly Democrat</subfield><subfield code="w">(DLC)sn 86058435</subfield><subfield code="w">(OCoLC)13364537</subfield></datafield><datafield ind1="0" ind2="0" tag="780"><subfield code="t">Brazil daily Democrat</subfield></datafield><datafield ind1="0" ind2="4" tag="785"><subfield code="t">Brazil daily times</subfield><subfield code="w">(DLC)sn 86058431</subfield><subfield code="w">(OCoLC)13364446</subfield></datafield></record>